
@collection{nonhoff_diskurs_2007,
	location = {Bielefeld},
	title = {Diskurs, radikale Demokratie, Hegemonie: Zum politischen Denken von Ernesto Laclau und Chantal Mouffe},
	isbn = {978-3-89942-494-2},
	series = {Edition Moderne Postmoderne},
	shorttitle = {Diskurs, radikale Demokratie, Hegemonie},
	publisher = {Transcript},
	editor = {Nonhoff, Martin},
	date = {2007},
	keywords = {Democracy, {HEGEMONY}, Laclau, Ernesto, Mouffe, Chantal, Philosophy, Political science},
	file = {Nonhoff_2010_Diskurs – radikale Demokratie – Hegemonie.pdf:C\:\\Users\\Fechner\\Dropbox\\Uni\\Einführungstexte\\Nonhoff_2010_Diskurs – radikale Demokratie – Hegemonie.pdf:application/pdf}
}

@report{bruell_chancen_2006,
	title = {Chancen für {EUropäische} Öffentlichkeiten – Eine Analyse der medialen Diskursivierung der Wahlen zum Europäischen Parlament in Österreich},
	number = {27},
	institution = {Institut für Europäische Integrationsforschung},
	author = {Bruell, Cornelia and Mokre, Monika},
	date = {2006},
	file = {Chancen für EUropäische Öffentlichkeiten.pdf:C\:\\Users\\Fechner\\Dropbox\\Uni\\Rechtsextremismus und Gender\\Hausarbeit\\Chancen für EUropäische Öffentlichkeiten.pdf:application/pdf}
}

@incollection{brodocz_politische_1999,
	location = {Wiesbaden},
	title = {Die politische Theorie der Hegemonie: Ernesto Laclau und Chantal Mouffe},
	isbn = {978-3-322-97433-4 978-3-322-97432-7},
	url = {http://link.springer.com/10.1007/978-3-322-97432-7_7},
	shorttitle = {Die politische Theorie der Hegemonie},
	pages = {143--166},
	booktitle = {Politische Theorien der Gegenwart},
	publisher = {{VS} Verlag für Sozialwissenschaften},
	author = {Stäheli, Urs},
	editor = {Brodocz, André and Schaal, Gary S.},
	urldate = {2016-10-07},
	date = {1999},
	langid = {german}
}

@incollection{nonhoff_kollektive_2007,
	location = {Bielefeld},
	title = {Kollektive Identität in der radikalen Demokratietheorie. Die Wahlen zum Europäischen Parlament in österreichischen Medien},
	isbn = {978-3-89942-494-2},
	series = {Edition Moderne Postmoderne},
	pages = {195--222},
	booktitle = {Diskurs, radikale Demokratie, Hegemonie: Zum politischen Denken von Ernesto Laclau und Chantal Mouffe},
	publisher = {Transcript},
	author = {Bruell, Cornelia},
	editor = {Nonhoff, Martin},
	date = {2007},
	keywords = {Democracy, {HEGEMONY}, Laclau, Ernesto, Mouffe, Chantal, Philosophy, Political science}
}

@incollection{nonhoff_diskurs_2007-1,
	location = {Bielefeld},
	title = {Diskurs, radikale Demokratie, Hegemonie – Einleitung},
	isbn = {978-3-89942-494-2},
	series = {Edition Moderne Postmoderne},
	pages = {7--23},
	booktitle = {Diskurs, radikale Demokratie, Hegemonie: Zum politischen Denken von Ernesto Laclau und Chantal Mouffe},
	publisher = {Transcript},
	author = {Nonhoff, Martin},
	editor = {Nonhoff, Martin},
	date = {2007},
	keywords = {Democracy, {HEGEMONY}, Laclau, Ernesto, Mouffe, Chantal, Philosophy, Political science}
}

@incollection{nonhoff_ideologie_2007,
	location = {Bielefeld},
	title = {Ideologie und Post-Marxismus},
	isbn = {978-3-89942-494-2},
	series = {Edition Moderne Postmoderne},
	pages = {25--40},
	booktitle = {Diskurs, radikale Demokratie, Hegemonie: Zum politischen Denken von Ernesto Laclau und Chantal Mouffe},
	publisher = {Transcript},
	author = {Laclau, Ernesto},
	editor = {Nonhoff, Martin},
	date = {2007},
	keywords = {Democracy, {HEGEMONY}, Laclau, Ernesto, Mouffe, Chantal, Philosophy, Political science}
}

@book{dohring_von_2004,
	location = {Berlin},
	title = {Von "`N.S. Frauen-Warte"' bis "`Victory"': Konstruktionen von Weiblichkeit in nationalsozialistischen und rechtsextremen Frauenzeitschriften},
	isbn = {978-3-8325-0439-7},
	series = {Berliner Arbeiten zur Erziehungs- und Kulturwissenschaft},
	shorttitle = {Von "N.S. Frauen-Warte" bis "Victory"},
	number = {18},
	publisher = {Logos-Verlag},
	author = {Döhring, Kirsten and Feldmann, Renate},
	date = {2004},
	keywords = {Deutschland, Frauenbild, Frauenzeitschrift, Nationalsozialismus, Rechtsradikalismus, Sozialgeschichte, Weiblichkeit},
	file = {Table of Contents PDF:C\:\\Users\\Fechner\\AppData\\Roaming\\Zotero\\Zotero\\Profiles\\roqfnmhs.default\\zotero\\storage\\NCJCR5AX\\Döhring und Feldmann - 2004 - Von N.S. Frauen-Warte bis Victory Konstruktio.pdf:application/pdf}
}

@book{mayring_qualitative_2010,
	location = {Weinheim},
	edition = {11. aktualisierte und überarb. Aufl},
	title = {Qualitative Inhaltsanalyse: Grundlagen und Techniken},
	isbn = {978-3-407-25533-4 978-3-407-29142-4},
	series = {Beltz Pädagogik},
	shorttitle = {Qualitative Inhaltsanalyse},
	abstract = {Viele Ansätze der {\textgreater}{\textgreater}Qualitativen Sozialforschung{\textless}{\textless} bleiben vage, unsystematisch und schwer nachvollziehbar. Die {\textgreater}{\textgreater}Qualitative Inhaltsanalyse{\textless}{\textless} hingegen bietet als explizit theorie- und regelgeleitete Analyse die Möglichkeit einer systematischen, strukturierten Arbeit mit unterschiedlichstem sprachlichen Material},
	publisher = {Beltz},
	author = {Mayring, Philipp},
	date = {2010},
	keywords = {Bibliometrie, Content analysis (Communication), Qualitative Inhaltsanalyse, Qualitative Methode, Social sciences Methodology}
}

@article{schreier_varianten_2014,
	title = {Varianten qualitativer Inhaltsanalyse: Ein Wegweiser im Dickicht der  Begrifflichkeiten},
	volume = {15},
	rights = {Copyright (c) 2014 Margrit Schreier},
	issn = {1438-5627},
	url = {http://www.qualitative-research.net/index.php/fqs/article/view/2043},
	shorttitle = {Ways of Doing Qualitative Content Analysis},
	abstract = {In the discussion of qualitative content analysis different renderings of the method are considered, such as structured-thematic, evaluating, scaling, summary, or typological qualitative content analysis. There has been little discussion, however, of how these versions relate to each other. The present contribution sets out to describe the different renderings and to compare them to each other. This results in two basic versions of the method: structured qualitative content analysis and qualitative content analysis by extraction. The other forms of qualitative content analysis that are mentioned in the literature are reconstructed not as discrete versions of the method, but as variations on specific steps in the course of structured qualitative content analysis. The method lends itself to additional variations which are presented as part of a tool box for qualitative content analysis.{URN}: http://nbn-resolving.de/urn:nbn:de:0114-fqs1401185},
	number = {1},
	journaltitle = {Forum Qualitative Sozialforschung / Forum: Qualitative Social Research},
	author = {Schreier, Margrit},
	urldate = {2016-03-16},
	date = {2014-01-19},
	langid = {german},
	keywords = {coding, contextual content analysis, evaluative content analysis, evaluative Inhaltsanalyse, explikative Inhaltsanalyse, Kodieren, qualitative content analysis, Qualitative Inhaltsanalyse, structured content analysis, strukturierende Inhaltsanalyse, summary content analysis, typenbildende Inhaltsanalyse, typological content analysis, zu­sammenfassende Inhaltsanalyse},
	file = {Full Text PDF:C\:\\Users\\Fechner\\AppData\\Roaming\\Zotero\\Zotero\\Profiles\\roqfnmhs.default\\zotero\\storage\\7ZJHWBQH\\Schreier - 2014 - Ways of Doing Qualitative Content Analysis Disent.pdf:application/pdf;Snapshot:C\:\\Users\\Fechner\\AppData\\Roaming\\Zotero\\Zotero\\Profiles\\roqfnmhs.default\\zotero\\storage\\PIUKF5M6\\2043.html:text/html}
}

@book{steigleder_strukturierende_2008,
	location = {Marburg},
	title = {Die strukturierende qualitative Inhaltsanalyse im Praxistest: eine konstruktiv kritische Studie zur Auswertungsmethodik von Philipp Mayring},
	isbn = {978-3-8288-9603-1},
	shorttitle = {Die strukturierende qualitative Inhaltsanalyse im Praxistest},
	publisher = {Tectum-Verlag},
	author = {Steigleder, Sandra},
	editora = {Mayring, Philipp},
	editoratype = {collaborator},
	date = {2008},
	keywords = {Auswertung, Content analysis (Communication), Mayring, Philipp, Methode, Qualitative Inhaltsanalyse, Social sciences Methodology},
	file = {Table of Contents PDF:C\:\\Users\\Fechner\\AppData\\Roaming\\Zotero\\Zotero\\Profiles\\roqfnmhs.default\\zotero\\storage\\NED8HA5R\\Steigleder - 2008 - Die strukturierende qualitative Inhaltsanalyse im .pdf:application/pdf}
}

@incollection{frietsch_nationalsozialismus_2015,
	title = {Nationalsozialismus und Geschlechlecht: eine Einführung},
	volume = {6},
	isbn = {{ISBN} 978-3-8394-0854-4},
	pages = {9--44},
	booktitle = {Nationalsozialismus und Geschlecht: Zur Politisierung und Ästhetisierung von Körper, "`Rasse"' und Sexualität im "`Dritten Reich"' und nach 1945},
	publisher = {transcript Verlag},
	author = {Frietsch, Elke and Herkommer, Christina},
	editor = {Frietsch, Elke and Herkommer, Christina},
	date = {2015-09},
	keywords = {Einführung, Gender, National socialism and sex}
}

@incollection{scheidgen_frauenbilder_2015,
	title = {Frauenbilder im Spielfilm, Kulturfilm und in der Wochenschau des Dritten Reiches},
	volume = {6},
	isbn = {{ISBN} 978-3-8394-0854-4},
	pages = {259--281},
	booktitle = {Nationalsozialismus und Geschlecht: Zur Politisierung und Ästhetisierung von Körper, "`Rasse"' und Sexualität im "`Dritten Reich"' und nach 1945},
	publisher = {transcript Verlag},
	author = {Scheidgen, Irina},
	editor = {Frietsch, Elke and Herkommer, Christina},
	date = {2015-09},
	keywords = {Film, Gender, National socialism and sex}
}

@article{medici_faschistische_1941,
	title = {Die Faschistische Frau im Dienste der Nation},
	volume = {10. Jahrgang, Heft 1},
	url = {http://digi.ub.uni-heidelberg.de/diglit/frauenwarte},
	pages = {2--3},
	journaltitle = {{NS}-Frauen-Warte. Die einzige parteiamtliche Frauenzeitschrift},
	author = {Medici, Olga Marchesa},
	urldate = {2016-10-26},
	date = {1941},
	keywords = {Quelle}
}

@article{friewart_japanisches_1941,
	title = {Japanisches Familienleben},
	volume = {10. Jahrgang, Heft 1},
	url = {http://digi.ub.uni-heidelberg.de/diglit/frauenwarte},
	pages = {5--6},
	journaltitle = {{NS}-Frauen-Warte. Die einzige parteiamtliche Frauenzeitschrift},
	author = {Friewart, Käte},
	urldate = {2016-10-26},
	date = {1941},
	keywords = {Quelle}
}

@article{reimer_glucklich_1941,
	title = {Glücklich im Freiwilligendienst. Immer neue Meldungen für den Frauenhilfsdienst},
	volume = {10. Jahrgang, Heft 2},
	url = {http://digi.ub.uni-heidelberg.de/diglit/frauenwarte},
	pages = {22},
	journaltitle = {{NS}-Frauen-Warte. Die einzige parteiamtliche Frauenzeitschrift},
	author = {Reimer, Lydia},
	urldate = {2016-10-26},
	date = {1941},
	keywords = {Quelle}
}

@article{weinhandl_wie_1941,
	title = {Wie Heimat und Front sich begegnen},
	volume = {10. Jahrgang, Heft 3},
	url = {http://digi.ub.uni-heidelberg.de/diglit/frauenwarte},
	pages = {36},
	journaltitle = {{NS}-Frauen-Warte. Die einzige parteiamtliche Frauenzeitschrift},
	author = {Weinhandl, Margarete},
	urldate = {2016-10-26},
	date = {1941},
	keywords = {Quelle}
}

@article{maltzahn_deutsche_1936,
	title = {Die deutsche Frau im Kriege (Erlebnisbücher)},
	volume = {Jahrgang 1935/36, Heft 21},
	url = {http://digi.ub.uni-heidelberg.de/diglit/frauenwarte},
	pages = {669, 696},
	journaltitle = {{NS}-Frauen-Warte. Die einzige parteiamtliche Frauenzeitschrift},
	author = {Maltzahn, Irmgard von},
	urldate = {2016-10-26},
	date = {1936},
	keywords = {Quelle}
}

@article{a._v._s._kameradschaft_1936,
	title = {Die Kameradschaft der Volksmutter. Rundgang durch die Frauenarbeit im Gau Mainfranken},
	volume = {Jahrgang 1935/36, Heft 24},
	url = {http://digi.ub.uni-heidelberg.de/diglit/frauenwarte},
	pages = {774--775, 778},
	journaltitle = {{NS}-Frauen-Warte. Die einzige parteiamtliche Frauenzeitschrift},
	author = {{A. v. S.}},
	urldate = {2016-10-26},
	date = {1936},
	keywords = {Quelle}
}

@article{scholtz-klink_frauen_1936,
	title = {Frauen und Handwerk},
	volume = {Jahrgang 1935/36, Heft 26},
	url = {http://digi.ub.uni-heidelberg.de/diglit/frauenwarte},
	pages = {836},
	journaltitle = {{NS}-Frauen-Warte. Die einzige parteiamtliche Frauenzeitschrift},
	author = {Scholtz-Klink, Gertrud},
	urldate = {2016-10-26},
	date = {1936},
	keywords = {Quelle}
}